<?xml version="1.0" encoding="UTF-8"?><record xmlns="http://www.loc.gov/MARC21/slim" xmlns:cinclude="http://apache.org/cocoon/include/1.0" xmlns:zs="http://www.loc.gov/zing/srw/">
  <leader>00540nz  a2200157n  4500</leader>
  <controlfield tag="001">no2001056726</controlfield>
  <controlfield tag="003">DLC</controlfield>
  <controlfield tag="005">20010720073222.0</controlfield>
  <controlfield tag="008">010719n| acannaab           |a aaa     c</controlfield>
  <datafield tag="010" ind1=" " ind2=" ">
    <subfield code="a">no2001056726</subfield>
  </datafield>
  <datafield tag="035" ind1=" " ind2=" ">
    <subfield code="a">(OCoLC)oca05537380</subfield>
  </datafield>
  <datafield tag="040" ind1=" " ind2=" ">
    <subfield code="a">CLU-FT</subfield>
    <subfield code="b">eng</subfield>
    <subfield code="c">CLU-FT</subfield>
  </datafield>
  <datafield tag="100" ind1="1" ind2=" ">
    <subfield code="a">Fogarty, Mary</subfield>
  </datafield>
  <datafield tag="400" ind1="1" ind2=" ">
    <subfield code="a">Fogerty, Mary</subfield>
  </datafield>
  <datafield tag="670" ind1=" " ind2=" ">
    <subfield code="a">Hallmark hall of fame. A season for miracles, c1999:</subfield>
    <subfield code="b">credits (also starring Mary Fogarty)</subfield>
  </datafield>
  <datafield tag="670" ind1=" " ind2=" ">
    <subfield code="a">Internet movie database, May 24, 2001</subfield>
    <subfield code="b">(Mary Fogarty; sometimes credited as Mary Lou Fogarty, Mary Fogerty)</subfield>
  </datafield>
</record>